
@misc{blockmodels,
  title={Blockmodels: Latent and Stochastic Block Model Estimation by a 'V-EM' Algorithm},
  author={Leger, Jean-Benoist},
  url={https://cran.r-project.org/package=blockmodels},
  year={2021}
}

@misc{sbm-package,
  title={{sbm: Stochastic Blockmodels}},
  author={{Team großBM (Barbillon, Chiquet, Donnet, Léger)}},
  url={https://cran.r-project.org/package=sbm},
  year={2021}
}

@article{tree_fungus_network,
  title={Architecture of an antagonistic tree/fungus network: the asymmetric influence of past evolutionary history},
  author={Vacher, Corinne and Piou, Dominique and Desprez-Loustau, Marie-Laure},
  journal={PloS one},
  volume={3},
  number={3},
  pages={e1740},
  year={2008},
  publisher={Public Library of Science}
}

@article{duby2006analyse,
  title={Analyse en composantes principales},
  author={Duby, Camille and Robin, St{\'e}phane},
  journal={Institut National Agronomique, Paris-Grignon},
  volume={80},
  year={2006}
}

@book{bouroche1980analyse,
  title={L'analyse des donn{\'e}es},
  author={Bouroche, Jean-Marie and Saporta, Gilbert},
  year={1980},
  publisher={Presses universitaires de France Paris}
}

@article{vandermaaten2008,
	title = {Visualizing {{Data}} Using T-{{SNE}}},
	volume = {9},
	issn = {ISSN 1533-7928},
	timestamp = {2016-08-10T12:22:21Z},
	number = {Nov},
	urldate = {2016-08-10},
	journal = {Journal of Machine Learning Research},
	author = {{van der Maaten}, Laurens and Hinton, Geoffrey},
	year = {2008},
	pages = {2579--2605},
	file = {Full Text PDF:/local_sysdisk/gdurif/.zotero/storage/Z7PDUZS5/Maaten et Hinton - 2008 - Visualizing Data using t-SNE.pdf:application/pdf},
	groups = {00\_thesis\_part2}
}

@article{mcinnes2018umap,
  title={Umap: Uniform manifold approximation and projection for dimension reduction},
  author={McInnes, Leland and Healy, John and Melville, James},
  journal={arXiv preprint arXiv:1802.03426},
  year={2018}
}
